@Inbook{Mladenic2017,
author="Mladeni{\'{c}}, Dunja",
editor="Sammut, Claude
and Webb, Geoffrey I.",
title="Text Mining",
bookTitle="Encyclopedia of Machine Learning and Data Mining",
year="2017",
publisher="Springer US",
address="Boston, MA",
pages="1241--1242",
abstract="Text Mining also referred to as Data Mining on Text, has emerged at the intersection of several research areas, some focused on data analytics and others focused more on handling text data. This entry provides a definition of Text Mining and links it to related research areas, most of them included in this book.",
isbn="978-1-4899-7687-1",
doi="10.1007/978-1-4899-7687-1_831",
url="https://doi.org/10.1007/978-1-4899-7687-1_831"
}

@article{Thenmalar,
author = {S, Thenmalar and J, Balaji and Geetha, T.V},
year = {2015},
month = {10},
pages = {01-14},
title = {Semi-Supervised Bootstrapping Approach for Named Entity Recognition},
volume = {4},
journal = {International Journal on Natural Language Computing},
doi = {10.5121/ijnlc.2015.4501}
}

@INPROCEEDINGS{Cotraining,
author={T. Munkhdalai and M. Li and T. Kim and O. Namsrai and S. Jeong and J. Shin and K. H. Ryu},
booktitle={2012 26th International Conference on Advanced Information Networking and Applications Workshops},
title={Bio Named Entity Recognition Based on Co-training Algorithm},
year={2012},
volume={},
number={},
pages={857-862},
keywords={bioinformatics;data mining;feature extraction;learning (artificial intelligence);pattern classification;text analysis;bio named entity recognition;cotraining algorithm;information extraction;biomedical literature;biomedical terminology;text data;domain knowledge;semisupervised classifier integration;unlabeled data;semisupervised learning algorithm;feature processing;bio NER feature extraction;bio-text mining;Feature extraction;Context;Training;Classification algorithms;Dictionaries;Data mining;Abstracts;Bio named entity recognition;co-training;semisupervised learning;feature processing;text mining},
doi={10.1109/WAINA.2012.75},
ISSN={},
month={March},}